@article
{chamberlain2021blend,
  title={Beltrami Flow and Neural Diffusion on Graphs},
  author={Chamberlain, Benjamin Paul and Rowbottom, James and Eynard, Davide and Di Giovanni, Francesco and Dong Xiaowen and Bronstein, Michael M},
  journal={Proceedings of the Thirty-fifth Conference on Neural Information Processing Systems (NeurIPS) 2021, Virtual Event},
  year={2021}
}
@article{gcnsnet2020,
    author = { Yimin Hou and Shuyue Jia and Xiangmin Lun and Ziqian Hao and Yan Shi and Yang Li and Rui Zeng and Jinglei Lv},
    title = {GCNs-Net: A Graph Convolutional Neural Network Approach for Decoding Time-resolved EEG Motor Imagery Signals},
    journal = { IEEE Transactions on Neural Networks and Learning Systems},
    year = {2020}
}
@article{Hou_2020,
year = {2020},
author = {Yimin Hou and Lu Zhou and Shuyue Jia and Xiangmin Lun},
title = {A novel approach of decoding EEG four-class motor imagery tasks via scout ESI and CNN},
journal = {Journal of Neural Engineering}
}
@article{LI2023833,
title = {A decomposition-based hybrid ensemble CNN framework for driver fatigue recognition},
journal = {Information Sciences},
year = {2023},
author = {Ruilin Li and Ruobin Gao and Ponnuthurai Nagaratnam Suganthan}
}
@article{varenik2022,
    author = {Вареник Н.},
    title = {Построение карты связности функциональных групп в задаче
декодирования сигналов головного мозга},
    journal = {Магистерская работа},
    year = {2022}
}
