@article
{chamberlain2021blend,
  title={Beltrami Flow and Neural Diffusion on Graphs},
  author={Chamberlain, Benjamin Paul and Rowbottom, James and Eynard, Davide and Di Giovanni, Francesco and Dong Xiaowen and Bronstein, Michael M},
  journal={Proceedings of the Thirty-fifth Conference on Neural Information Processing Systems (NeurIPS) 2021, Virtual Event},
  year={2021}
}
@article{gcnsnet2020,
    author = { Yimin Hou and Shuyue Jia and Xiangmin Lun and Ziqian Hao and Yan Shi and Yang Li and Rui Zeng and Jinglei Lv},
    title = {GCNs-Net: A Graph Convolutional Neural Network Approach for Decoding Time-resolved EEG Motor Imagery Signals},
    journal = { IEEE Transactions on Neural Networks and Learning Systems},
    year = {2020}
}
@article{Hou_2020,
year = {2020},
author = {Yimin Hou and Lu Zhou and Shuyue Jia and Xiangmin Lun},
title = {A novel approach of decoding EEG four-class motor imagery tasks via scout ESI and CNN},
journal = {Journal of Neural Engineering}
}
@article{LI2023833,
title = {A decomposition-based hybrid ensemble CNN framework for driver fatigue recognition},
journal = {Information Sciences},
year = {2023},
author = {Ruilin Li and Ruobin Gao and Ponnuthurai Nagaratnam Suganthan}
}
@article{varenik2022,
    author = {Вареник Н.},
    title = {Построение карты связности функциональных групп в задаче
декодирования сигналов головного мозга},
    journal = {Магистерская работа},
    year = {2022}
}

@article{wang2019dynamic,
  title={Dynamic graph cnn for learning on point clouds},
  author={Wang, Yue and Sun, Yongbin and Liu, Ziwei and Sarma, Sanjay E and Bronstein, Michael M and Solomon, Justin M},
  journal={ACM Transactions on Graphics (tog)},
  volume={38},
  number={5},
  pages={1--12},
  year={2019},
  publisher={Acm New York, NY, USA}
}

@article{kober2008functional,
  title={Functional grouping and cortical--subcortical interactions in emotion: a meta-analysis of neuroimaging studies},
  author={Kober, Hedy and Barrett, Lisa Feldman and Joseph, Josh and Bliss-Moreau, Eliza and Lindquist, Kristen and Wager, Tor D},
  journal={Neuroimage},
  volume={42},
  number={2},
  pages={998--1031},
  year={2008},
  publisher={Elsevier}
}

@article{DBLP:journals/corr/abs-2106-10934,
  author       = {Benjamin Paul Chamberlain and
                  James Rowbottom and
                  Maria I. Gorinova and
                  Stefan Webb and
                  Emanuele Rossi and
                  Michael M. Bronstein},
  title        = {{GRAND:} Graph Neural Diffusion},
  journal      = {CoRR},
  volume       = {abs/2106.10934},
  year         = {2021},
  url          = {https://arxiv.org/abs/2106.10934},
  eprinttype    = {arXiv},
  eprint       = {2106.10934},
  timestamp    = {Mon, 14 Feb 2022 09:20:23 +0100},
  biburl       = {https://dblp.org/rec/journals/corr/abs-2106-10934.bib},
  bibsource    = {dblp computer science bibliography, https://dblp.org}
}

@article{DBLP:journals/corr/abs-2110-09443,
  author       = {Benjamin Paul Chamberlain and
                  James Rowbottom and
                  Davide Eynard and
                  Francesco Di Giovanni and
                  Xiaowen Dong and
                  Michael M. Bronstein},
  title        = {Beltrami Flow and Neural Diffusion on Graphs},
  journal      = {CoRR},
  volume       = {abs/2110.09443},
  year         = {2021},
  url          = {https://arxiv.org/abs/2110.09443},
  eprinttype    = {arXiv},
  eprint       = {2110.09443},
  timestamp    = {Mon, 25 Oct 2021 20:07:12 +0200},
  biburl       = {https://dblp.org/rec/journals/corr/abs-2110-09443.bib},
  bibsource    = {dblp computer science bibliography, https://dblp.org}
}
